@article{Affleck:1987ch,
    author = "Affleck, Ian and Haldane, F. D. M.",
    title = "{Critical Theory of Quantum Spin Chains}",
    reportNumber = "PUPT-1052",
    doi = "10.1103/PhysRevB.36.5291",
    journal = "Phys. Rev. B",
    volume = "36",
    pages = "5291--5300",
    year = "1987"
}
@article{itoi1997extended,
  title={Extended massless phase and the Haldane phase in a spin-1 isotropic antiferromagnetic chain},
  author={Itoi, Chigak and Kato, Masa-Hide},
  journal={Physical Review B},
  volume={55},
  number={13},
  pages={8295},
  year={1997},
  publisher={APS}
}